<?xml version="1.0" encoding="UTF-8"?><record xmlns="http://www.loc.gov/MARC21/slim" xmlns:cinclude="http://apache.org/cocoon/include/1.0" xmlns:zs="http://www.loc.gov/zing/srw/">
  <leader>00635nz  a2200145n  4500</leader>
  <controlfield tag="001">no2009204762</controlfield>
  <controlfield tag="003">DLC</controlfield>
  <controlfield tag="005">20091225075146.0</controlfield>
  <controlfield tag="008">091223n| acannaabn          |n aaa     c</controlfield>
  <datafield tag="010" ind1=" " ind2=" ">
    <subfield code="a">no2009204762</subfield>
  </datafield>
  <datafield tag="035" ind1=" " ind2=" ">
    <subfield code="a">(OCoLC)oca08345466</subfield>
  </datafield>
  <datafield tag="040" ind1=" " ind2=" ">
    <subfield code="a">UPB</subfield>
    <subfield code="b">eng</subfield>
    <subfield code="c">UPB</subfield>
  </datafield>
  <datafield tag="100" ind1="1" ind2=" ">
    <subfield code="a">Williamson, Owen,</subfield>
    <subfield code="d">1980-</subfield>
  </datafield>
  <datafield tag="670" ind1=" " ind2=" ">
    <subfield code="a">Utilitizing and moving beyond a constructionist approach to trace the emergence of racial and ethnic identities among pre-Mexicans, Mexicans and Americans of Mexican descent, 2008:</subfield>
    <subfield code="b">t.p. (Owen Williamson, Thesis (M.S.)--Brigham Young University. Dept. of Sociology)</subfield>
  </datafield>
  <datafield tag="670" ind1=" " ind2=" ">
    <subfield code="a">UPB files, Dec. 18, 2009</subfield>
    <subfield code="b">(Owen Williamson, b. 1980)</subfield>
  </datafield>
</record>